<?xml version="1.0" encoding="UTF-8"?><collection xmlns="http://www.loc.gov/MARC21/slim"><record><leader>00616nam--2200193-i-4500</leader><controlfield tag="001">000028312</controlfield><controlfield tag="002">20161230</controlfield><controlfield tag="005">20170306232028</controlfield><controlfield tag="008">060222s1000------------r-----000-0-fre-d</controlfield><datafield ind1=" " ind2=" " tag="040"><subfield code="a">IFIN-HH</subfield></datafield><datafield ind1=" " ind2=" " tag="041"><subfield code="a">fre</subfield></datafield><datafield ind1=" " ind2=" " tag="080"><subfield code="a">536.24</subfield></datafield><datafield ind1="1" ind2=" " tag="100"><subfield code="a">Ivernel, A</subfield></datafield><datafield ind1="1" ind2="0" tag="245"><subfield code="a">Representations analogiques et homologiques dans les techniques de la chaleur</subfield><subfield code="b">Preface par le professeur M. Veron; J. Loeb</subfield><subfield code="c">A. Ivernel; R. Alder; Cl. Bonnet;O Cahen; A. Dumez; Y. Morillon; N. Steinberg</subfield></datafield><datafield ind1=" " ind2=" " tag="260"><subfield code="a">Paris</subfield><subfield code="b">Dunod</subfield><subfield code="c">1965</subfield></datafield><datafield ind1=" " ind2=" " tag="300"><subfield code="a">XIV+228 p</subfield></datafield><datafield ind1="1" ind2=" " tag="700"><subfield code="a">Steinberg, N</subfield></datafield><datafield ind1=" " ind2=" " tag="852"><subfield code="a">23984</subfield><subfield code="c">536</subfield></datafield><datafield ind1=" " ind2=" " tag="CAT"><subfield code="a">SYS</subfield><subfield code="c">20170306</subfield><subfield code="h">232028</subfield></datafield></record></collection>